@article{btkg,
author = {Zhong, Maosheng and Chen, Youde and Zhang, Hao and Xiong, Hao and Wang, Zhixiang},
year = {2023},
month = {12},
pages = {1-20},
title = {Bidirectional transformer with knowledge graph for video captioning},
volume = {83},
journal = {Multimedia Tools and Applications},
doi = {10.1007/s11042-023-17822-4}
}
@inproceedings{attention_is_all_you_need,
author = {Vaswani, Ashish and Shazeer, Noam and Parmar, Niki and Uszkoreit, Jakob and Jones, Llion and Gomez, Aidan N. and Kaiser, \L{}ukasz and Polosukhin, Illia},
title = {Attention is all you need},
year = {2017},
isbn = {9781510860964},
publisher = {Curran Associates Inc.},
address = {Red Hook, NY, USA},
booktitle = {Proceedings of the 31st International Conference on Neural Information Processing Systems},
pages = {6000-6010},
numpages = {11},
location = {Long Beach, California, USA},
series = {NIPS'17}
}
@article{BiTransformer,
author = {Zhong, Maosheng and Zhang, Hao and Wang, Yong and Xiong, Hao},
title = {BiTransformer: augmenting semantic context in video captioning via bidirectional decoder},
year = {2022},
issue_date = {Sep 2022},
publisher = {Springer-Verlag},
address = {Berlin, Heidelberg},
volume = {33},
number = {5},
issn = {0932-8092},
url = {https://doi.org/10.1007/s00138-022-01329-3},
doi = {10.1007/s00138-022-01329-3},
journal = {Mach. Vision Appl.},
month = sep,
numpages = {9},
keywords = {Video captioning, Bidirectional decoding, Transformer}
}
@article{ResiDual,
  title={ResiDual: Transformer with Dual Residual Connections},
  author={Shufang Xie and Huishuai Zhang and Junliang Guo and Xu Tan and Jiang Bian and Hany Hassan Awadalla and Arul Menezes and Tao Qin and Rui Yan},
  journal={ArXiv},
  year={2023},
  volume={abs/2304.14802},
  url={https://api.semanticscholar.org/CorpusID:258418273}
}